@article{aharony2011social,
  title   = {Social {fMRI}: investigating and shaping social mechanisms in the real world},
  author  = {Aharony, N. and Pan, W. and Ip, C. and Khayal, I. and Pentland, A.},
  journal = {Pervasive and Mobile Computing},
  volume  = {7},
  number  = {6},
  pages   = {643--659},
  year    = {2011}
}

@article{begleiter2004prediction,
  title   = {On prediction using variable order Markov models},
  author  = {Begleiter, R. and El-Yaniv, R. and Yona, G.},
  journal = {Journal of Artificial Intelligence Research},
  volume  = {22},
  pages   = {385--421},
  year    = {2004}
}

@book{brooks2011handbook,
  title     = {Handbook of markov chain monte carlo},
  author    = {Brooks, S. and Gelman, A. and Jones, G. and Meng, X. L.},
  year      = {2011},
  publisher = {CRC Press}
}

@article{cleary1984data,
  title   = {Data compression using adaptive coding and partial string matching},
  author  = {Cleary, J. and Witten, I.},
  journal = {IEEE Transactions on Communications},
  volume  = {32},
  number  = {4},
  pages   = {396--402},
  year    = {1984}
}

@inproceedings{dimitrakakis2010bayesian,
  title     = {Bayesian variable order Markov models},
  author    = {Dimitrakakis, C.},
  booktitle = {Proceedings of the Thirteenth International Conference on Artificial Intelligence and Statistics},
  pages     = {161--168},
  year      = {2010},
  volume    = {9}
}

@book{flajolet2009analytic,
  title     = {Analytic combinatorics},
  author    = {Flajolet, P. and Sedgewick, R.},
  year      = {2009},
  publisher = {Cambridge University Press}
}

@article{green1995reversible,
  title   = {Reversible jump Markov chain Monte Carlo computation and Bayesian model determination},
  author  = {Green, P. J.},
  journal = {Biometrika},
  volume  = {82},
  number  = {4},
  pages   = {711--732},
  year    = {1995}
}

@article{hastings1970monte,
  title   = {Monte Carlo sampling methods using Markov chains and their applications},
  author  = {Hastings, W. K.},
  journal = {Biometrika},
  volume  = {57},
  number  = {1},
  pages   = {97--109},
  year    = {1970}
}

@inproceedings{mochihashi2008infinite,
  title     = {The infinite Markov model},
  author    = {Mochihashi, D. and Sumita, E.},
  booktitle = {Advances in Neural Information Processing Systems},
  volume    = {20},
  pages     = {1017--1024},
  year      = {2008}
}

@article{rissanen1986complexity,
  title   = {Complexity of strings in the class of Markov sources},
  author  = {Rissanen, J.},
  journal = {IEEE Transactions on Information Theory},
  volume  = {32},
  number  = {4},
  pages   = {526--532},
  year    = {1986}
}

@misc{snapnets,
  author       = {Leskovec, J. and Krevl, A.},
  title        = {{SNAP} datasets: Stanford large network dataset collection},
  howpublished = {\url{https://snap.stanford.edu/data/email-eu-core-temporal.html}},
  year         = 2014
}

@article{willems1995context,
  title   = {The context-tree weighting method: basic properties},
  author  = {Willems, F. M. J. and Shtarkov, Y. M. and Tjalkens, T. J.},
  journal = {IEEE Transactions on Information Theory},
  volume  = {41},
  number  = {3},
  pages   = {653--664},
  year    = {1995}
}